<record><leader>00000cas a22000007a 4500</leader><controlfield tag="001">15154150</controlfield><controlfield tag="008">870205d19731987txudr ne      0    0eng d</controlfield><controlfield tag="009">6576</controlfield><datafield ind1=" " ind2=" " tag="010"><subfield code="a">sn 87090669 </subfield></datafield><datafield ind1=" " ind2=" " tag="040"><subfield code="a">PPM</subfield><subfield code="b">eng</subfield><subfield code="c">PPM</subfield><subfield code="d">DLC</subfield><subfield code="d">PPM</subfield><subfield code="d">TXJ</subfield><subfield code="d">OCLCF</subfield><subfield code="d">OCLCO</subfield></datafield><datafield ind1=" " ind2=" " tag="042"><subfield code="a">msc</subfield></datafield><datafield ind1="0" ind2=" " tag="130"><subfield code="a">Austin American-statesman (Evening ed. : 1973)</subfield></datafield><datafield ind1="0" ind2="4" tag="245"><subfield code="a">The Austin American-statesman.</subfield></datafield><datafield ind1="1" ind2="0" tag="246"><subfield code="a">Austin American statesman</subfield></datafield><datafield ind1=" " ind2=" " tag="250"><subfield code="a">Evening ed.</subfield></datafield><datafield ind1=" " ind2=" " tag="260"><subfield code="a">Austin, Tex. :</subfield><subfield code="b">Richard F. Brown,</subfield><subfield code="c">1973-1987.</subfield></datafield><datafield ind1=" " ind2=" " tag="300"><subfield code="a">v. :</subfield><subfield code="b">ill.</subfield></datafield><datafield ind1=" " ind2=" " tag="310"><subfield code="a">Daily</subfield></datafield><datafield ind1="0" ind2=" " tag="362"><subfield code="a">Vol. 103, no. 72 (Nov. 5, 1973)-v. 116, no. 222 (Mar. 4, 1987).</subfield></datafield><datafield ind1=" " ind2=" " tag="515"><subfield code="a">Saturday and Sunday papers have separate numbering scheme until July 30-31, 1977.</subfield></datafield><datafield ind1=" " ind2="0" tag="651"><subfield code="a">Austin (Tex.)</subfield><subfield code="v">Newspapers.</subfield></datafield><datafield ind1=" " ind2="7" tag="655"><subfield code="a">Newspapers.</subfield><subfield code="2">fast</subfield><subfield code="0">(OCoLC)fst01423814</subfield></datafield><datafield ind1=" " ind2="7" tag="651"><subfield code="a">Texas</subfield><subfield code="z">Austin.</subfield><subfield code="2">fast</subfield><subfield code="0">(OCoLC)fst01204313</subfield></datafield><datafield ind1=" " ind2=" " tag="752"><subfield code="a">United States</subfield><subfield code="b">Texas</subfield><subfield code="c">Travis</subfield><subfield code="d">Austin.</subfield></datafield><datafield ind1="0" ind2=" " tag="775"><subfield code="t">Austin American-statesman (Morning ed. : 1973)</subfield><subfield code="w">(DLC)sn 80009121</subfield></datafield><datafield ind1="0" ind2="0" tag="780"><subfield code="t">Austin statesman (Austin, Tex. : 1921)</subfield><subfield code="w">(DLC)sn 87090665</subfield></datafield><datafield ind1="0" ind2="7" tag="785"><subfield code="t">Austin American-statesman (Morning ed. : 1973)</subfield><subfield code="w">(DLC)sn 80009121</subfield></datafield><datafield ind1="0" ind2="7" tag="785"><subfield code="t">Austin American-statesman</subfield><subfield code="w">(DLC)sn 87090670</subfield></datafield></record>